<?xml version="1.0" encoding="UTF-8"?><record xmlns="http://www.loc.gov/MARC21/slim" xmlns:cinclude="http://apache.org/cocoon/include/1.0" xmlns:zs="http://www.loc.gov/zing/srw/">
  <leader>00440nz  a2200133n  4500</leader>
  <controlfield tag="001">no2011028511</controlfield>
  <controlfield tag="003">DLC</controlfield>
  <controlfield tag="005">20110225075431.0</controlfield>
  <controlfield tag="008">110223n| acannaabn          |n aaa     c</controlfield>
  <datafield tag="010" ind1=" " ind2=" ">
    <subfield code="a">no2011028511</subfield>
  </datafield>
  <datafield tag="035" ind1=" " ind2=" ">
    <subfield code="a">(OCoLC)oca08776750</subfield>
  </datafield>
  <datafield tag="040" ind1=" " ind2=" ">
    <subfield code="a">IU</subfield>
    <subfield code="b">eng</subfield>
    <subfield code="c">IU</subfield>
  </datafield>
  <datafield tag="100" ind1="1" ind2=" ">
    <subfield code="a">Boyd, Joseph L.</subfield>
  </datafield>
  <datafield tag="670" ind1=" " ind2=" ">
    <subfield code="a">Holding period of carryover basis property, 1978:</subfield>
    <subfield code="b">t.p. (Joseph L. Boyd, Assistant Prof. of Accountancy, [University of Illinois at Urbana-Champaign])</subfield>
  </datafield>
</record>